%YAML 1.1
%TAG !u! tag:unity3d.com,2011:
--- !u!1 &4725989362093539741
GameObject:
  m_ObjectHideFlags: 0
  m_CorrespondingSourceObject: {fileID: 0}
  m_PrefabInstance: {fileID: 0}
  m_PrefabAsset: {fileID: 0}
  serializedVersion: 6
  m_Component:
  - component: {fileID: 4972744502911024730}
  - component: {fileID: 6871970715090014102}
  m_Layer: 5
  m_Name: PfCurrencyBars
  m_TagString: Untagged
  m_Icon: {fileID: 0}
  m_NavMeshLayer: 0
  m_StaticEditorFlags: 0
  m_IsActive: 1
--- !u!224 &4972744502911024730
RectTransform:
  m_ObjectHideFlags: 0
  m_CorrespondingSourceObject: {fileID: 0}
  m_PrefabInstance: {fileID: 0}
  m_PrefabAsset: {fileID: 0}
  m_GameObject: {fileID: 4725989362093539741}
  m_LocalRotation: {x: 0, y: 0, z: 0, w: 1}
  m_LocalPosition: {x: 0, y: 0, z: 0}
  m_LocalScale: {x: 1, y: 1, z: 1}
  m_Children:
  - {fileID: 302316969314427189}
  - {fileID: 3444943561534057345}
  - {fileID: 286985971906767318}
  m_Father: {fileID: 0}
  m_RootOrder: 0
  m_LocalEulerAnglesHint: {x: 0, y: 0, z: 0}
  m_AnchorMin: {x: 0.5, y: 0.5}
  m_AnchorMax: {x: 0.5, y: 0.5}
  m_AnchoredPosition: {x: -13.74, y: 0}
  m_SizeDelta: {x: 343.93, y: 30}
  m_Pivot: {x: 0.5, y: 0.5}
--- !u!114 &6871970715090014102
MonoBehaviour:
  m_ObjectHideFlags: 0
  m_CorrespondingSourceObject: {fileID: 0}
  m_PrefabInstance: {fileID: 0}
  m_PrefabAsset: {fileID: 0}
  m_GameObject: {fileID: 4725989362093539741}
  m_Enabled: 1
  m_EditorHideFlags: 0
  m_Script: {fileID: 11500000, guid: 1cf1f841f62e71e4dbbfd16ab3d4082c, type: 3}
  m_Name: 
  m_EditorClassIdentifier: 
  textSoftCurrency: {fileID: 8920858702745316595}
  textHardCurrency: {fileID: 6338869715721678500}
--- !u!1 &6313837784560373231
GameObject:
  m_ObjectHideFlags: 0
  m_CorrespondingSourceObject: {fileID: 0}
  m_PrefabInstance: {fileID: 0}
  m_PrefabAsset: {fileID: 0}
  serializedVersion: 6
  m_Component:
  - component: {fileID: 302316969314427189}
  - component: {fileID: 2318762123308417602}
  - component: {fileID: 3645314643542723508}
  - component: {fileID: 4765622070022228567}
  m_Layer: 5
  m_Name: Options
  m_TagString: Untagged
  m_Icon: {fileID: 0}
  m_NavMeshLayer: 0
  m_StaticEditorFlags: 0
  m_IsActive: 1
--- !u!224 &302316969314427189
RectTransform:
  m_ObjectHideFlags: 0
  m_CorrespondingSourceObject: {fileID: 0}
  m_PrefabInstance: {fileID: 0}
  m_PrefabAsset: {fileID: 0}
  m_GameObject: {fileID: 6313837784560373231}
  m_LocalRotation: {x: -0, y: -0, z: -0, w: 1}
  m_LocalPosition: {x: 0, y: 0, z: 0}
  m_LocalScale: {x: 1, y: 1, z: 1}
  m_Children: []
  m_Father: {fileID: 4972744502911024730}
  m_RootOrder: 0
  m_LocalEulerAnglesHint: {x: 0, y: 0, z: 0}
  m_AnchorMin: {x: 0.9, y: 0}
  m_AnchorMax: {x: 0.9, y: 1}
  m_AnchoredPosition: {x: -15, y: 0}
  m_SizeDelta: {x: 30, y: 0}
  m_Pivot: {x: 0.5, y: 0.5}
--- !u!222 &2318762123308417602
CanvasRenderer:
  m_ObjectHideFlags: 0
  m_CorrespondingSourceObject: {fileID: 0}
  m_PrefabInstance: {fileID: 0}
  m_PrefabAsset: {fileID: 0}
  m_GameObject: {fileID: 6313837784560373231}
  m_CullTransparentMesh: 0
--- !u!114 &3645314643542723508
MonoBehaviour:
  m_ObjectHideFlags: 0
  m_CorrespondingSourceObject: {fileID: 0}
  m_PrefabInstance: {fileID: 0}
  m_PrefabAsset: {fileID: 0}
  m_GameObject: {fileID: 6313837784560373231}
  m_Enabled: 1
  m_EditorHideFlags: 0
  m_Script: {fileID: 11500000, guid: fe87c0e1cc204ed48ad3b37840f39efc, type: 3}
  m_Name: 
  m_EditorClassIdentifier: 
  m_Material: {fileID: 0}
  m_Color: {r: 1, g: 1, b: 1, a: 1}
  m_RaycastTarget: 1
  m_OnCullStateChanged:
    m_PersistentCalls:
      m_Calls: []
    m_TypeName: UnityEngine.UI.MaskableGraphic+CullStateChangedEvent, UnityEngine.UI,
      Version=1.0.0.0, Culture=neutral, PublicKeyToken=null
  m_Sprite: {fileID: 21300000, guid: b7d9a594f192afc45972a56267e049ca, type: 3}
  m_Type: 0
  m_PreserveAspect: 0
  m_FillCenter: 1
  m_FillMethod: 4
  m_FillAmount: 1
  m_FillClockwise: 1
  m_FillOrigin: 0
  m_UseSpriteMesh: 0
  m_PixelsPerUnitMultiplier: 1
--- !u!114 &4765622070022228567
MonoBehaviour:
  m_ObjectHideFlags: 0
  m_CorrespondingSourceObject: {fileID: 0}
  m_PrefabInstance: {fileID: 0}
  m_PrefabAsset: {fileID: 0}
  m_GameObject: {fileID: 6313837784560373231}
  m_Enabled: 1
  m_EditorHideFlags: 0
  m_Script: {fileID: 11500000, guid: 4e29b1a8efbd4b44bb3f3716e73f07ff, type: 3}
  m_Name: 
  m_EditorClassIdentifier: 
  m_Navigation:
    m_Mode: 3
    m_SelectOnUp: {fileID: 0}
    m_SelectOnDown: {fileID: 0}
    m_SelectOnLeft: {fileID: 0}
    m_SelectOnRight: {fileID: 0}
  m_Transition: 1
  m_Colors:
    m_NormalColor: {r: 1, g: 1, b: 1, a: 1}
    m_HighlightedColor: {r: 0.9607843, g: 0.9607843, b: 0.9607843, a: 1}
    m_PressedColor: {r: 0.78431374, g: 0.78431374, b: 0.78431374, a: 1}
    m_SelectedColor: {r: 0.9607843, g: 0.9607843, b: 0.9607843, a: 1}
    m_DisabledColor: {r: 0.78431374, g: 0.78431374, b: 0.78431374, a: 0.5019608}
    m_ColorMultiplier: 1
    m_FadeDuration: 0.1
  m_SpriteState:
    m_HighlightedSprite: {fileID: 0}
    m_PressedSprite: {fileID: 0}
    m_SelectedSprite: {fileID: 0}
    m_DisabledSprite: {fileID: 0}
  m_AnimationTriggers:
    m_NormalTrigger: Normal
    m_HighlightedTrigger: Highlighted
    m_PressedTrigger: Pressed
    m_SelectedTrigger: Selected
    m_DisabledTrigger: Disabled
  m_Interactable: 1
  m_TargetGraphic: {fileID: 3645314643542723508}
  m_OnClick:
    m_PersistentCalls:
      m_Calls:
      - m_Target: {fileID: 6871970715090014102}
        m_MethodName: EnterOptions
        m_Mode: 1
        m_Arguments:
          m_ObjectArgument: {fileID: 0}
          m_ObjectArgumentAssemblyTypeName: UnityEngine.Object, UnityEngine
          m_IntArgument: 0
          m_FloatArgument: 0
          m_StringArgument: 
          m_BoolArgument: 0
        m_CallState: 2
    m_TypeName: UnityEngine.UI.Button+ButtonClickedEvent, UnityEngine.UI, Version=1.0.0.0,
      Culture=neutral, PublicKeyToken=null
--- !u!1001 &1318152318658080626
PrefabInstance:
  m_ObjectHideFlags: 0
  serializedVersion: 2
  m_Modification:
    m_TransformParent: {fileID: 4972744502911024730}
    m_Modifications:
    - target: {fileID: 1438856883375927593, guid: 60c24e4ff0f9af54b95c83460f5c5a17,
        type: 3}
      propertyPath: m_Name
      value: PfSoftCurrencyBar
      objectReference: {fileID: 0}
    - target: {fileID: 4433197236452148467, guid: 60c24e4ff0f9af54b95c83460f5c5a17,
        type: 3}
      propertyPath: m_LocalPosition.x
      value: 0
      objectReference: {fileID: 0}
    - target: {fileID: 4433197236452148467, guid: 60c24e4ff0f9af54b95c83460f5c5a17,
        type: 3}
      propertyPath: m_LocalPosition.y
      value: 0
      objectReference: {fileID: 0}
    - target: {fileID: 4433197236452148467, guid: 60c24e4ff0f9af54b95c83460f5c5a17,
        type: 3}
      propertyPath: m_LocalPosition.z
      value: 0
      objectReference: {fileID: 0}
    - target: {fileID: 4433197236452148467, guid: 60c24e4ff0f9af54b95c83460f5c5a17,
        type: 3}
      propertyPath: m_LocalRotation.x
      value: -0
      objectReference: {fileID: 0}
    - target: {fileID: 4433197236452148467, guid: 60c24e4ff0f9af54b95c83460f5c5a17,
        type: 3}
      propertyPath: m_LocalRotation.y
      value: -0
      objectReference: {fileID: 0}
    - target: {fileID: 4433197236452148467, guid: 60c24e4ff0f9af54b95c83460f5c5a17,
        type: 3}
      propertyPath: m_LocalRotation.z
      value: -0
      objectReference: {fileID: 0}
    - target: {fileID: 4433197236452148467, guid: 60c24e4ff0f9af54b95c83460f5c5a17,
        type: 3}
      propertyPath: m_LocalRotation.w
      value: 1
      objectReference: {fileID: 0}
    - target: {fileID: 4433197236452148467, guid: 60c24e4ff0f9af54b95c83460f5c5a17,
        type: 3}
      propertyPath: m_RootOrder
      value: 1
      objectReference: {fileID: 0}
    - target: {fileID: 4433197236452148467, guid: 60c24e4ff0f9af54b95c83460f5c5a17,
        type: 3}
      propertyPath: m_LocalEulerAnglesHint.x
      value: 0
      objectReference: {fileID: 0}
    - target: {fileID: 4433197236452148467, guid: 60c24e4ff0f9af54b95c83460f5c5a17,
        type: 3}
      propertyPath: m_LocalEulerAnglesHint.y
      value: 0
      objectReference: {fileID: 0}
    - target: {fileID: 4433197236452148467, guid: 60c24e4ff0f9af54b95c83460f5c5a17,
        type: 3}
      propertyPath: m_LocalEulerAnglesHint.z
      value: 0
      objectReference: {fileID: 0}
    - target: {fileID: 4433197236452148467, guid: 60c24e4ff0f9af54b95c83460f5c5a17,
        type: 3}
      propertyPath: m_AnchoredPosition.x
      value: 0
      objectReference: {fileID: 0}
    - target: {fileID: 4433197236452148467, guid: 60c24e4ff0f9af54b95c83460f5c5a17,
        type: 3}
      propertyPath: m_AnchoredPosition.y
      value: 0
      objectReference: {fileID: 0}
    - target: {fileID: 4433197236452148467, guid: 60c24e4ff0f9af54b95c83460f5c5a17,
        type: 3}
      propertyPath: m_SizeDelta.x
      value: 0
      objectReference: {fileID: 0}
    - target: {fileID: 4433197236452148467, guid: 60c24e4ff0f9af54b95c83460f5c5a17,
        type: 3}
      propertyPath: m_SizeDelta.y
      value: 0
      objectReference: {fileID: 0}
    - target: {fileID: 4433197236452148467, guid: 60c24e4ff0f9af54b95c83460f5c5a17,
        type: 3}
      propertyPath: m_AnchorMin.x
      value: 0.1
      objectReference: {fileID: 0}
    - target: {fileID: 4433197236452148467, guid: 60c24e4ff0f9af54b95c83460f5c5a17,
        type: 3}
      propertyPath: m_AnchorMin.y
      value: 0
      objectReference: {fileID: 0}
    - target: {fileID: 4433197236452148467, guid: 60c24e4ff0f9af54b95c83460f5c5a17,
        type: 3}
      propertyPath: m_AnchorMax.x
      value: 0.45
      objectReference: {fileID: 0}
    - target: {fileID: 4433197236452148467, guid: 60c24e4ff0f9af54b95c83460f5c5a17,
        type: 3}
      propertyPath: m_AnchorMax.y
      value: 1
      objectReference: {fileID: 0}
    - target: {fileID: 4433197236452148467, guid: 60c24e4ff0f9af54b95c83460f5c5a17,
        type: 3}
      propertyPath: m_Pivot.x
      value: 0.5
      objectReference: {fileID: 0}
    - target: {fileID: 4433197236452148467, guid: 60c24e4ff0f9af54b95c83460f5c5a17,
        type: 3}
      propertyPath: m_Pivot.y
      value: 0.5
      objectReference: {fileID: 0}
    - target: {fileID: 2638806707514769521, guid: 60c24e4ff0f9af54b95c83460f5c5a17,
        type: 3}
      propertyPath: m_OnClick.m_PersistentCalls.m_Calls.Array.size
      value: 1
      objectReference: {fileID: 0}
    - target: {fileID: 2638806707514769521, guid: 60c24e4ff0f9af54b95c83460f5c5a17,
        type: 3}
      propertyPath: m_OnClick.m_PersistentCalls.m_Calls.Array.data[0].m_Mode
      value: 1
      objectReference: {fileID: 0}
    - target: {fileID: 2638806707514769521, guid: 60c24e4ff0f9af54b95c83460f5c5a17,
        type: 3}
      propertyPath: m_OnClick.m_PersistentCalls.m_Calls.Array.data[0].m_CallState
      value: 2
      objectReference: {fileID: 0}
    - target: {fileID: 2638806707514769521, guid: 60c24e4ff0f9af54b95c83460f5c5a17,
        type: 3}
      propertyPath: m_OnClick.m_PersistentCalls.m_Calls.Array.data[0].m_Target
      value: 
      objectReference: {fileID: 6871970715090014102}
    - target: {fileID: 2638806707514769521, guid: 60c24e4ff0f9af54b95c83460f5c5a17,
        type: 3}
      propertyPath: m_OnClick.m_PersistentCalls.m_Calls.Array.data[0].m_MethodName
      value: AddSoftCurrency
      objectReference: {fileID: 0}
    - target: {fileID: 2638806707514769521, guid: 60c24e4ff0f9af54b95c83460f5c5a17,
        type: 3}
      propertyPath: m_OnClick.m_PersistentCalls.m_Calls.Array.data[0].m_Arguments.m_ObjectArgumentAssemblyTypeName
      value: UnityEngine.Object, UnityEngine
      objectReference: {fileID: 0}
    m_RemovedComponents: []
  m_SourcePrefab: {fileID: 100100000, guid: 60c24e4ff0f9af54b95c83460f5c5a17, type: 3}
--- !u!224 &3444943561534057345 stripped
RectTransform:
  m_CorrespondingSourceObject: {fileID: 4433197236452148467, guid: 60c24e4ff0f9af54b95c83460f5c5a17,
    type: 3}
  m_PrefabInstance: {fileID: 1318152318658080626}
  m_PrefabAsset: {fileID: 0}
--- !u!114 &8920858702745316595 stripped
MonoBehaviour:
  m_CorrespondingSourceObject: {fileID: 7603841116910044033, guid: 60c24e4ff0f9af54b95c83460f5c5a17,
    type: 3}
  m_PrefabInstance: {fileID: 1318152318658080626}
  m_PrefabAsset: {fileID: 0}
  m_GameObject: {fileID: 0}
  m_Enabled: 1
  m_EditorHideFlags: 0
  m_Script: {fileID: 11500000, guid: f4688fdb7df04437aeb418b961361dc5, type: 3}
  m_Name: 
  m_EditorClassIdentifier: 
--- !u!1001 &6900527147353522593
PrefabInstance:
  m_ObjectHideFlags: 0
  serializedVersion: 2
  m_Modification:
    m_TransformParent: {fileID: 4972744502911024730}
    m_Modifications:
    - target: {fileID: 8235453183555640749, guid: 376f38fc875971a409f3b324d0f63c18,
        type: 3}
      propertyPath: m_Name
      value: PfHardCurrencyBar
      objectReference: {fileID: 0}
    - target: {fileID: 6645075379754608759, guid: 376f38fc875971a409f3b324d0f63c18,
        type: 3}
      propertyPath: m_LocalPosition.x
      value: 0
      objectReference: {fileID: 0}
    - target: {fileID: 6645075379754608759, guid: 376f38fc875971a409f3b324d0f63c18,
        type: 3}
      propertyPath: m_LocalPosition.y
      value: 0
      objectReference: {fileID: 0}
    - target: {fileID: 6645075379754608759, guid: 376f38fc875971a409f3b324d0f63c18,
        type: 3}
      propertyPath: m_LocalPosition.z
      value: 0
      objectReference: {fileID: 0}
    - target: {fileID: 6645075379754608759, guid: 376f38fc875971a409f3b324d0f63c18,
        type: 3}
      propertyPath: m_LocalRotation.x
      value: -0
      objectReference: {fileID: 0}
    - target: {fileID: 6645075379754608759, guid: 376f38fc875971a409f3b324d0f63c18,
        type: 3}
      propertyPath: m_LocalRotation.y
      value: -0
      objectReference: {fileID: 0}
    - target: {fileID: 6645075379754608759, guid: 376f38fc875971a409f3b324d0f63c18,
        type: 3}
      propertyPath: m_LocalRotation.z
      value: -0
      objectReference: {fileID: 0}
    - target: {fileID: 6645075379754608759, guid: 376f38fc875971a409f3b324d0f63c18,
        type: 3}
      propertyPath: m_LocalRotation.w
      value: 1
      objectReference: {fileID: 0}
    - target: {fileID: 6645075379754608759, guid: 376f38fc875971a409f3b324d0f63c18,
        type: 3}
      propertyPath: m_RootOrder
      value: 2
      objectReference: {fileID: 0}
    - target: {fileID: 6645075379754608759, guid: 376f38fc875971a409f3b324d0f63c18,
        type: 3}
      propertyPath: m_LocalEulerAnglesHint.x
      value: 0
      objectReference: {fileID: 0}
    - target: {fileID: 6645075379754608759, guid: 376f38fc875971a409f3b324d0f63c18,
        type: 3}
      propertyPath: m_LocalEulerAnglesHint.y
      value: 0
      objectReference: {fileID: 0}
    - target: {fileID: 6645075379754608759, guid: 376f38fc875971a409f3b324d0f63c18,
        type: 3}
      propertyPath: m_LocalEulerAnglesHint.z
      value: 0
      objectReference: {fileID: 0}
    - target: {fileID: 6645075379754608759, guid: 376f38fc875971a409f3b324d0f63c18,
        type: 3}
      propertyPath: m_AnchoredPosition.x
      value: -15
      objectReference: {fileID: 0}
    - target: {fileID: 6645075379754608759, guid: 376f38fc875971a409f3b324d0f63c18,
        type: 3}
      propertyPath: m_AnchoredPosition.y
      value: 0
      objectReference: {fileID: 0}
    - target: {fileID: 6645075379754608759, guid: 376f38fc875971a409f3b324d0f63c18,
        type: 3}
      propertyPath: m_SizeDelta.x
      value: -30
      objectReference: {fileID: 0}
    - target: {fileID: 6645075379754608759, guid: 376f38fc875971a409f3b324d0f63c18,
        type: 3}
      propertyPath: m_SizeDelta.y
      value: 0
      objectReference: {fileID: 0}
    - target: {fileID: 6645075379754608759, guid: 376f38fc875971a409f3b324d0f63c18,
        type: 3}
      propertyPath: m_AnchorMin.x
      value: 0.45
      objectReference: {fileID: 0}
    - target: {fileID: 6645075379754608759, guid: 376f38fc875971a409f3b324d0f63c18,
        type: 3}
      propertyPath: m_AnchorMin.y
      value: 0
      objectReference: {fileID: 0}
    - target: {fileID: 6645075379754608759, guid: 376f38fc875971a409f3b324d0f63c18,
        type: 3}
      propertyPath: m_AnchorMax.x
      value: 0.9
      objectReference: {fileID: 0}
    - target: {fileID: 6645075379754608759, guid: 376f38fc875971a409f3b324d0f63c18,
        type: 3}
      propertyPath: m_AnchorMax.y
      value: 1
      objectReference: {fileID: 0}
    - target: {fileID: 6645075379754608759, guid: 376f38fc875971a409f3b324d0f63c18,
        type: 3}
      propertyPath: m_Pivot.x
      value: 0.5
      objectReference: {fileID: 0}
    - target: {fileID: 6645075379754608759, guid: 376f38fc875971a409f3b324d0f63c18,
        type: 3}
      propertyPath: m_Pivot.y
      value: 0.5
      objectReference: {fileID: 0}
    - target: {fileID: 4981826746578431221, guid: 376f38fc875971a409f3b324d0f63c18,
        type: 3}
      propertyPath: m_OnClick.m_PersistentCalls.m_Calls.Array.size
      value: 1
      objectReference: {fileID: 0}
    - target: {fileID: 4981826746578431221, guid: 376f38fc875971a409f3b324d0f63c18,
        type: 3}
      propertyPath: m_OnClick.m_PersistentCalls.m_Calls.Array.data[0].m_Mode
      value: 1
      objectReference: {fileID: 0}
    - target: {fileID: 4981826746578431221, guid: 376f38fc875971a409f3b324d0f63c18,
        type: 3}
      propertyPath: m_OnClick.m_PersistentCalls.m_Calls.Array.data[0].m_CallState
      value: 2
      objectReference: {fileID: 0}
    - target: {fileID: 4981826746578431221, guid: 376f38fc875971a409f3b324d0f63c18,
        type: 3}
      propertyPath: m_OnClick.m_PersistentCalls.m_Calls.Array.data[0].m_Target
      value: 
      objectReference: {fileID: 6871970715090014102}
    - target: {fileID: 4981826746578431221, guid: 376f38fc875971a409f3b324d0f63c18,
        type: 3}
      propertyPath: m_OnClick.m_PersistentCalls.m_Calls.Array.data[0].m_MethodName
      value: AddHardCurrency
      objectReference: {fileID: 0}
    - target: {fileID: 4981826746578431221, guid: 376f38fc875971a409f3b324d0f63c18,
        type: 3}
      propertyPath: m_OnClick.m_PersistentCalls.m_Calls.Array.data[0].m_Arguments.m_ObjectArgumentAssemblyTypeName
      value: UnityEngine.Object, UnityEngine
      objectReference: {fileID: 0}
    m_RemovedComponents: []
  m_SourcePrefab: {fileID: 100100000, guid: 376f38fc875971a409f3b324d0f63c18, type: 3}
--- !u!224 &286985971906767318 stripped
RectTransform:
  m_CorrespondingSourceObject: {fileID: 6645075379754608759, guid: 376f38fc875971a409f3b324d0f63c18,
    type: 3}
  m_PrefabInstance: {fileID: 6900527147353522593}
  m_PrefabAsset: {fileID: 0}
--- !u!114 &6338869715721678500 stripped
MonoBehaviour:
  m_CorrespondingSourceObject: {fileID: 593253089673228037, guid: 376f38fc875971a409f3b324d0f63c18,
    type: 3}
  m_PrefabInstance: {fileID: 6900527147353522593}
  m_PrefabAsset: {fileID: 0}
  m_GameObject: {fileID: 0}
  m_Enabled: 1
  m_EditorHideFlags: 0
  m_Script: {fileID: 11500000, guid: f4688fdb7df04437aeb418b961361dc5, type: 3}
  m_Name: 
  m_EditorClassIdentifier: 
